<record><leader>00000cas a22000007a 4500</leader><controlfield tag="001">41828842</controlfield><controlfield tag="008">990712d19091909sduwr ne      0    0eng d</controlfield><datafield ind1=" " ind2=" " tag="010"><subfield code="a">sn 99068040 </subfield></datafield><datafield ind1=" " ind2=" " tag="040"><subfield code="a">SXN</subfield><subfield code="b">eng</subfield><subfield code="c">SXN</subfield><subfield code="d">OCLCF</subfield><subfield code="d">OCLCO</subfield></datafield><datafield ind1=" " ind2=" " tag="042"><subfield code="a">msc</subfield></datafield><datafield ind1=" " ind2=" " tag="043"><subfield code="a">n-us-sd</subfield></datafield><datafield ind1="0" ind2="4" tag="245"><subfield code="a">The Platte tribune and the Platte epitome.</subfield></datafield><datafield ind1="3" ind2="0" tag="246"><subfield code="a">Tribune and the Platte epitome</subfield></datafield><datafield ind1="1" ind2="7" tag="246"><subfield code="a">Platte tribune and Platte epitome</subfield></datafield><datafield ind1="1" ind2="7" tag="246"><subfield code="a">Platte epitome</subfield></datafield><datafield ind1=" " ind2=" " tag="260"><subfield code="a">Platte, S.D. :</subfield><subfield code="b">George H. Henry,</subfield><subfield code="c">1909.</subfield></datafield><datafield ind1=" " ind2=" " tag="300"><subfield code="a">v.</subfield></datafield><datafield ind1=" " ind2=" " tag="310"><subfield code="a">Weekly</subfield></datafield><datafield ind1="0" ind2=" " tag="362"><subfield code="a">Vol. 10, no. 1 (Jan. 8, 1909)-v. 10, no. 52 (Dec. 31, 1909).</subfield></datafield><datafield ind1=" " ind2=" " tag="530"><subfield code="a">Available on microfilm from: State Archives, South Dakota State Historical Society.</subfield></datafield><datafield ind1=" " ind2="0" tag="651"><subfield code="a">Platte (S.D.)</subfield><subfield code="v">Newspapers.</subfield></datafield><datafield ind1=" " ind2="0" tag="651"><subfield code="a">Charles Mix County (S.D.)</subfield><subfield code="v">Newspapers.</subfield></datafield><datafield ind1=" " ind2="7" tag="655"><subfield code="a">Newspapers.</subfield><subfield code="2">fast</subfield><subfield code="0">(OCoLC)fst01423814</subfield></datafield><datafield ind1=" " ind2="7" tag="651"><subfield code="a">South Dakota</subfield><subfield code="z">Charles Mix County.</subfield><subfield code="2">fast</subfield><subfield code="0">(OCoLC)fst01215817</subfield></datafield><datafield ind1=" " ind2="7" tag="651"><subfield code="a">South Dakota</subfield><subfield code="z">Platte.</subfield><subfield code="2">fast</subfield><subfield code="0">(OCoLC)fst01887907</subfield></datafield><datafield ind1=" " ind2=" " tag="752"><subfield code="a">United States</subfield><subfield code="b">South Dakota</subfield><subfield code="c">Charles Mix</subfield><subfield code="d">Platte.</subfield></datafield><datafield ind1="0" ind2="0" tag="780"><subfield code="t">Platte epitome</subfield><subfield code="w">(DLC)sn 99068039</subfield></datafield><datafield ind1="0" ind2="0" tag="785"><subfield code="t">Platte tribune</subfield><subfield code="w">(DLC)sn 99068041</subfield></datafield></record>